<record><leader>00000cas a2200000 a 4500</leader><controlfield tag="001">12635284</controlfield><controlfield tag="008">851004c19259999txuwn ne      0   a0eng d</controlfield><datafield ind1=" " ind2=" " tag="010"><subfield code="a">sn 88083725 </subfield></datafield><datafield ind1=" " ind2=" " tag="040"><subfield code="a">TAI</subfield><subfield code="b">eng</subfield><subfield code="c">TAI</subfield><subfield code="d">PPM</subfield><subfield code="d">OCL</subfield><subfield code="d">OCLCQ</subfield><subfield code="d">OCLCF</subfield><subfield code="d">OCLCO</subfield></datafield><datafield ind1="1" ind2=" " tag="029"><subfield code="a">AU@</subfield><subfield code="b">000020520178</subfield></datafield><datafield ind1=" " ind2=" " tag="042"><subfield code="a">msc</subfield></datafield><datafield ind1=" " ind2=" " tag="043"><subfield code="a">n-us-tx</subfield></datafield><datafield ind1=" " ind2=" " tag="090"><subfield code="a">LH1</subfield><subfield code="b">.T393</subfield></datafield><datafield ind1="0" ind2="4" tag="245"><subfield code="a">The South Texan.</subfield></datafield><datafield ind1=" " ind2=" " tag="260"><subfield code="a">Kingsville, Tex. :</subfield><subfield code="b">South Texas State Teachers College,</subfield><subfield code="c">1925-</subfield></datafield><datafield ind1=" " ind2=" " tag="300"><subfield code="a">v. :</subfield><subfield code="b">ill. ;</subfield><subfield code="c">55-58 cm.</subfield></datafield><datafield ind1=" " ind2=" " tag="310"><subfield code="a">Weekly</subfield></datafield><datafield ind1="0" ind2=" " tag="362"><subfield code="a">Vol. 1, no. 1 (Nov. 18, 1925)-</subfield></datafield><datafield ind1=" " ind2="0" tag="650"><subfield code="a">College student newspapers and periodicals</subfield><subfield code="z">Texas</subfield><subfield code="z">Kingsville.</subfield></datafield><datafield ind1=" " ind2="7" tag="650"><subfield code="a">College student newspapers and periodicals.</subfield><subfield code="2">fast</subfield><subfield code="0">(OCoLC)fst00867966</subfield></datafield><datafield ind1=" " ind2="7" tag="651"><subfield code="a">Texas</subfield><subfield code="z">Kingsville.</subfield><subfield code="2">fast</subfield><subfield code="0">(OCoLC)fst01205335</subfield></datafield><datafield ind1="2" ind2=" " tag="710"><subfield code="a">Texas A &amp; I University.</subfield></datafield><datafield ind1=" " ind2=" " tag="752"><subfield code="a">United States</subfield><subfield code="b">Texas</subfield><subfield code="c">Kleberg</subfield><subfield code="d">Kingsville.</subfield></datafield></record>